@String{pub-ORA                 = "O'Reilly \& Associates, Inc."}

@String{pub-ORA:adr             = "981 Chestnut Street, Newton, MA 02164, USA"}

@ARTICLE{ME1,
   author = {{Hamaker}, J.~P. and {Bregman}, J.~D. and {Sault}, R.~J.},
    title = "{Understanding radio polarimetry. I. Mathematical foundations.}",
  journal = {\aaps},
 keywords = {METHODS: ANALYTICAL, METHODS: DATA ANALYSIS, TECHNIQUES: INTERFEROMETERS, TECHNIQUES: POLARIMETERS},
     year = 1996,
    month = may,
   volume = 117,
    pages = {137},
   adsurl = {http://adsabs.harvard.edu/abs/1996A%26AS..117..137H},
  adsnote = {Provided by the SAO/NASA Astrophysics Data System}
}

@ARTICLE{ME2,
   author = {{Sault}, R.~J. and {Hamaker}, J.~P. and {Bregman}, J.~D.},
    title = "{Understanding radio polarimetry. II. Instrumental calibration of an interferometer array.}",
  journal = {\aaps},
 keywords = {METHODS: ANALYTICAL, METHODS: DATA ANALYSIS, TECHNIQUES: INTERFEROMETERS, TECHNIQUES: POLARIMETERS},
     year = 1996,
    month = may,
   volume = 117,
    pages = {149-159},
   adsurl = {http://adsabs.harvard.edu/abs/1996A%26AS..117..149S},
  adsnote = {Provided by the SAO/NASA Astrophysics Data System}
}

@ARTICLE{ME3,
   author = {{Hamaker}, J.~P. and {Bregman}, J.~D.},
    title = "{Understanding radio polarimetry. III. Interpreting the IAU/IEEE definitions of the Stokes parameters.}",
  journal = {\aaps},
 keywords = {METHODS: ANALYTICAL, METHODS: DATA ANALYSIS, TECHNIQUES: INTERFEROMETERS, TECHNIQUES: POLARIMETERS, POLARIZATION},
     year = 1996,
    month = may,
   volume = 117,
    pages = {161-165},
   adsurl = {http://adsabs.harvard.edu/abs/1996A%26AS..117..161H},
  adsnote = {Provided by the SAO/NASA Astrophysics Data System}
}

@ARTICLE{ME4,
   author = {{Hamaker}, J.~P.},
    title = "{Understanding radio polarimetry. IV. The full-coherency analogue of scalar self-calibration: Self-alignment, dynamic range and polarimetric fidelity}",
  journal = {\aaps},
 keywords = {INSTRUMENTATION: INTERFEROMETERS, INSTRUMENTATION: POLARIMETERS, METHODS: ANALYTICAL, METHODS: OBSERVATIONAL, TECHNIQUES: INTERFEROMETRIC, TECHNIQUES: POLARIMETRIC},
     year = 2000,
    month = may,
   volume = 143,
    pages = {515},
      doi = {10.1051/aas:2000337},
   adsurl = {http://adsabs.harvard.edu/abs/2000A%26AS..143..515H},
  adsnote = {Provided by the SAO/NASA Astrophysics Data System}
}

@ARTICLE{ME5,
   author = {{Hamaker}, J.~P.},
    title = "{Understanding radio polarimetry. V. Making matrix self-calibration work: processing of a simulated observation}",
  journal = {\aap},
 keywords = {instrumentation: interferometers, instrumentation: polarimeters, methods: data analysis, methods: observational, techniques: interferometric, techniques: polarimetric},
     year = 2006,
    month = sep,
   volume = 456,
    pages = {395-404},
      doi = {10.1051/0004-6361:20065145},
   adsurl = {http://adsabs.harvard.edu/abs/2006A%26A...456..395H},
  adsnote = {Provided by the SAO/NASA Astrophysics Data System}
}

@ARTICLE{jones,
   author = {{Jones}, R.~C.},
    title = "{New calculus for the treatment of optical systems}",
  journal = {J. Opt. Soc. America},
    year = 1941,
   volume = 31,
    pages = {488-493},
}

@ARTICLE{muller,
   author = {{Mueller}, H.},
  journal = {J. Opt. Soc. America},
    year = 1948,
   volume = 38,
    pages = {661},
}

@ARTICLE{IAU74,
   author = {IAU},
    title = "",
  journal = {Trans. IAU},
    year = 1973,
   volume = "15b",
    pages = 166,
}

@ARTICLE{Morris:1964,
   author = {{Morris}, D. and {Radhakrishnan}, V. and {Seielstad}, G.~A.},
    title = "{On the Measurement of Polarization Distributions Over Radio Sources.}",
  journal = {\apj},
     year = 1964,
    month = feb,
   volume = 139,
    pages = {551},
      doi = {10.1086/147784},
   adsurl = {http://adsabs.harvard.edu/abs/1964ApJ...139..551M},
  adsnote = {Provided by the SAO/NASA Astrophysics Data System}
}

@BOOK{born-wolf,
   author = {{Born}, M. and {Wolf}, E.},
   title = "Principles of Optics",
   publisher = "Pergamon Press",
   year = "1964"
}

@BOOK{tms1,
   author = {{Thompson}, A.~R. and {Moran}, J.~M. and {Swenson, Jr.}, G.~W.},
   title = "Interferometry and Synthesis in Radio Astronomy",
   publisher = "Wiley",
   address = "New York",
   year = "1986"
}

@BOOK{tms,
   author = {{Thompson}, A.~R. and {Moran}, J.~M. and {Swenson, Jr.}, G.~W.},
   title = "Interferometry and Synthesis in Radio Astronomy",
   publisher = "Wiley",
   address = "New York",
   edition = 2,
   year = "2001"
}

@INBOOK{Knuth:Trees,
   author = "Knuth, Donald E.",
   title = "Fundamental Algorithms",
   volume = 1,
   series = "The Art of Computer Programming",
   publisher = "Addison-Wesley",
   address = "Reading, Massachusetts",
   edition = "Second",
   year = "1973",
   chapter = "2",
}


@INPROCEEDINGS{Ekers:Selfcal,
   author = {{Ekers}, R.~D.},
    title = "{The almost Serendipitous Discovery of Self-Calibration}",
booktitle = {Serendipitous Discoveries in Radio Astronomy},
     year = 1983,
   editor = {{Kellermann}, K.~I. and {Sheets}, B.},
    pages = {154},
   adsurl = {http://adsabs.harvard.edu/abs/1983sdra.conf..154E},
  adsnote = {Provided by the SAO/NASA Astrophysics Data System}
}

@TECHREPORT{JEN:note185,
   author = {{Noordam}, J.~E.},
    title = "{AIPS++ Note 185: The Measurement Equation of a Generic Radio Telescope}",
     year = 1996,
   series = {AIPS++ Notes Series},
   institution = "AIPS++",
   URL    = http://aips2.nrao.edu/docs/notes/185/185.html
}


@TECHREPORT{MS2definition,
   author = {{Kemball}, A.~J. and {Wieringa}, M.~H.},
    title = "{AIPS++ Note 229: MeasurementSet definition version 2.0}",
     year = 1996,
   series = {AIPS++ Notes Series},
   institution = "AIPS++",
   URL    = http://aips2.nrao.edu/docs/notes/229/229.html
}


@TECHREPORT{WNB:solver,
   author = {{Brouw}, W.~N.},
    title = "{AIPS++ Note 224: AIPS++ Least Squares background}",
     year = 1996,
   series = {AIPS++ Notes Series},
   institution = "AIPS++",
   URL    = http://aips2.nrao.edu/docs/notes/224/224.html
}

@MISC{Madsen:LM,
    author       = "K. Madsen and H. B. Nielsen and O. Tingleff",
    title        = "Methods for Non-Linear Least Squares Problems (2nd ed.)",
    year         = "2004",
    pages        = "60",
    publisher    = "Informatics and Mathematical Modelling, Technical University of Denmark, {DTU}",
    address      = "Richard Petersens Plads, Building 321, {DK-}2800 Kgs. Lyngby",
}
 
@CONFERENCE{deBruyn:million,
   author = {{de Bruyn}, A.~G.},
    title = "Full polarization wide field WSRT calibration/imaging at a million to one dynamic range",
     year = 2006,
booktitle = {SKA Calibration and Imaging Workshop 2006},
      URL = http://ftp.kat.ac.za/pub/calim2006/01-01_DeBruyn.pdf
}

@CONFERENCE{Yatawatta:shapelets,
   author = {{Yatawatta}, S. and {de Bruyn}, A.~G. and {Brentjens}, M.~A.},
    title = "Back to the future with shapelets",
     year = 2009,
booktitle = {SKA Calibration and Imaging Workshop 2009},
      URL = https://safe.nrao.edu/wiki/pub/Software/CalIm09Program/shapelet3.pdf
}

@CONFERENCE{Abdalla:uvbrick,
   author = {Abdalla, F.~B.},
    title = "Image simulations and the UVBrick",
     year = 2009,
booktitle = {MCCT SKADS Mixed Workshop: Towards third-generation calibration in radio astronomy},
      URL = {http://www.astron.nl/meqwiki/MeqTreeWorkshop2009?action=AttachFile&do=get&target=MCCTnancay-Filipe_20091007.pdf}
}      
 


@TECHREPORT{JEN:LOFAR1,
   author = {{Noordam}, J.~E.},
    title = "A framework for LOFAR Calibration",
     year = 2005,
   institution = "LOFAR",
   series = {LOFAR Documents},
   URL    = http://aips2.nrao.edu/docs/notes/185/185.html
}

@INPROCEEDINGS{JEN:peeling,
   author = {{Noordam}, J.~E.},
    title = "LOFAR calibration challenges",
booktitle = "Ground-based Telescopes",
     year = 2004,
   series = {Society of Photo-Optical Instrumentation Engineers (SPIE) Conference Series},
   volume = 5489,
   editor = {{Oschmann}, Jr., J.~M.},
    month = oct,
    pages = {817},
      doi = {10.1117/12.544262},
   adsurl = {http://adsabs.harvard.edu/abs/2004SPIE.5489..817N},
  adsnote = {Provided by the SAO/NASA Astrophysics Data System}
}

@INPROCEEDINGS{Cotton:FBC,
   author = {{Cotton}, W.~D. and {Condon}, J.~J. and {Perley}, R.~A. and 
  {Kassim}, N. and {Lazio}, J. and {Cohen}, A. and {Lane}, W. and 
  {Erickson}, W.~C.},
    title = "Beyond the isoplanatic patch in the VLA Low-frequency Sky Survey",
booktitle = "Ground-based Telescopes",
     year = 2004,
   series = {Society of Photo-Optical Instrumentation Engineers (SPIE) Conference Series},
   volume = 5489,
   editor = {{Oschmann}, Jr., J.~M.},
    month = oct,
    pages = {180},
      doi = {10.1117/12.551298},
   adsurl = {http://adsabs.harvard.edu/abs/2004SPIE.5489..180C},
  adsnote = {Provided by the SAO/NASA Astrophysics Data System}
}


@INPROCEEDINGS{JEN:LOFAR3,
   author = {{Nijboer}, R.~J. and {Noordam}, J.~E.},
    title = "{LOFAR Calibration}",
booktitle = {Astronomical Data Analysis Software and Systems XVI},
     year = 2007,
   series = {PASPC},
   volume = 376,
   editor = {{Shaw}, R.~A. and {Hill}, F. and {Bell}, D.~J.},
    month = oct,
    pages = {237},
   adsurl = {http://adsabs.harvard.edu/abs/2007ASPC..376..237N},
  adsnote = {Provided by the SAO/NASA Astrophysics Data System}
}

@MANUAL{TDL-companion,
   author = {{Smirnov}, O.~M.},
    title = "The TDL Bedside Companion",
     year = 2008,
publisher = {http://www.astron.nl},
      URL = {http://www.astron.nl/meqwiki/Documentation?action=AttachFile&do=get&target=tdl-companion.pdf}
}

@MANUAL{CASA:UserRef,
   author = {{Myers}, S.~T. and {Ott}, J. and {Elias}, N.},
    title = "CASA Synthesis \& Single Dish Reduction Cookbook, Release 3.0.1",
     year = 2010,
publisher = {NRAO},
      URL = {http://casa.nrao.edu/docs/userman/UserMan.html}
}


@MISC{beat-NEWSTAR,
   author = {{Smirnov}, O.~M.},
    title = "MeqTrees At 1000000:1",
     year = 2008,
      URL = {http://astrowiki.physics.ox.ac.uk/twiki42/pub/Algorithms2008/WebHome/Smirnov-MeqTreesCalibration.pdf}
}

@inproceedings{Hopper:Trees,
 author = {Hopper, Grace Murray},
 title = {The education of a computer},
 booktitle = {ACM '52: Proceedings of the 1952 ACM national meeting (Pittsburgh)},
 year = {1952},
 pages = {243},
 location = {Pittsburgh, Pennsylvania},
 doi = {http://doi.acm.org/10.1145/609784.609818},
 publisher = {ACM},
 address = {New York, NY, USA},
 }

@INBOOK{Knuth:Trees,
   author = "Knuth, Donald E.",
   title = "Fundamental Algorithms",
   volume = 1,
   series = "The Art of Computer Programming",
   publisher = "Addison-Wesley",
   address = "Reading, Massachusetts",
   edition = "Second",
   year = "1973",
   chapter = "2",
}

@inproceedings{KalmanFilters,
   author = "Wan, E.A. and van der Merwe, R.",
   title = "Kalman Filtering and Neural Networks",
   booktitle = "Kalman Filtering and Neural Networks",
   publisher = "Wiley Publishing",
   editor = "Haykin, S.",
   year = "2001",
   chapter = "Chapter 7: The Unscented Kalman Filter",
   pages = "50"
}

@article{Lessig:CC,
 author = {Lessig, Lawrence},
 title = {The Creative Commons},
 journal = {Florida Law Review},
 volume = {55},
 year = {1994},
 pages = {764--777}
}

@Book{Raymond:CB,
  author =       "Eric S. Raymond",
  title =        "The Cathedral \& the Bazaar: Musings on {Linux} and
                 Open Source by an Accidental Revolutionary",
  publisher =    pub-ORA,
  year =         "1999",
  ISBN =         "1-56592-724-9",
  ISBN-13 =      "978-1-56592-724-7",
  LCCN =         "QA76.76.O63 R396 1999",
  bibdate =      "Sat Oct 21 12:38:56 2000",
  bibsource =    "http://www.oreilly.com/catalog/",
  price =        "US\$19.95",
  URL =          "http://www.oreilly.com/catalog/cb",
  acknowledgement = ack-nhfb,
}

@INPROCEEDINGS{Schilizzi:SKA,
   author = {{Schilizzi}, R.~T.},
    title = "{The Square Kilometer Array}",
booktitle = {Society of Photo-Optical Instrumentation Engineers (SPIE) Conference Series},
     year = 2004,
   series = {},
   volume = 5489,
   editor = {{Oschmann}, Jr., J.~M.},
    month = oct,
    pages = {62-71},
      doi = {10.1117/12.551206},
   adsurl = {http://adsabs.harvard.edu/abs/2004SPIE.5489...62S},
  adsnote = {Provided by the SAO/NASA Astrophysics Data System}
}

@INPROCEEDINGS{Kettenis:Parseltongue,
   author = {{Kettenis}, M. and {van Langevelde}, H.~J. and {Reynolds}, C. and 
	{Cotton}, B.},
    title = "{ParselTongue: AIPS Talking Python}",
booktitle = {Astronomical Data Analysis Software and Systems XV},
     year = 2006,
   series = {PASPC},
   volume = 351,
   editor = {{Gabriel}, C. and {Arviset}, C. and {Ponz}, D. and {Enrique}, S.
	},
    month = jul,
    pages = {497},
   adsurl = {http://adsabs.harvard.edu/abs/2006ASPC..351..497K},
  adsnote = {Provided by the SAO/NASA Astrophysics Data System}
}

@INPROCEEDINGS{Backer:PAPER,
   author = {{Backer}, D.~C. and {PAPER Team}},
    title = "{PAPER: The Precision Array to Probe the Epoch of Reionization}",
booktitle = {AAS Meeting No. 213},
     year = 2009,
   series = {\baas},
   volume = 41,
    pages = {449},
   adsurl = {http://adsabs.harvard.edu/abs/2009AAS...21348107B},
  adsnote = {Provided by the SAO/NASA Astrophysics Data System}
}

@article{SB:imageplane,
	author = "Bhatnagar, S. and Cornwell, T. J. and Golap, K. and Uson, J. M.",
	title = "Correcting direction-dependent gains in the deconvolution  of radio interferometric images",
	DOI= "10.1051/0004-6361:20079284",
	url= "http://dx.doi.org/10.1051/0004-6361:20079284",
	journal = "A\&A",
	year = 2008,
	volume = 487,
	number = 1,
	pages = "419-429",
	month = "aug",
}

@article{meqtrees,
  author = {{Noordam}, J.~E. and {Smirnov}, O.~M.},
  title = "The MeqTrees Software System And Its Use For Third-Generation Calibration Of Radio Interferometers",
  journal = "A\&A",
  year = 2010,
  volume = "submitted"
}

@techreport{SB:pointing,
  author = "Bhatnagar, S. and Cornwell, T. J. and Golap, K.",
  title = "EVLA Memom 84. Solving for the antenna based pointing errors",
  year = 2004,
  institution = "NRAO",
  series = {EVLA Memos},
  URL    = http://www.aoc.nrao.edu/evla/geninfo/memoseries/evlamemo84.ps
}

@INPROCEEDINGS{SB:calibration-low-freq,
   author = {{Bhatnagar}, S.},
    title = "{Calibration and Imaging Challenges at Low Radio Frequencies: A Review of the State of the Art}",
booktitle = {Astronomical Society of the Pacific Conference Series},
     year = 2009,
   series = {Astronomical Society of the Pacific Conference Series},
   volume = 407,
   editor = "{D.~J.~Saikia, D.~A.~Green, Y.~Gupta, \& T.~Venturi}",
    month = sep,
    pages = {375},
   adsurl = {http://adsabs.harvard.edu/abs/2009ASPC..407..375B},
  adsnote = {Provided by the SAO/NASA Astrophysics Data System}
}

@ARTICLE{Rau:DDEs,
   author = {{Rau}, U. and {Bhatnagar}, S. and {Voronkov}, M.~A. and {Cornwell}, T.~J.},
    title = "{Advances in Calibration and Imaging Techniques in Radio Interferometry}",
  journal = {IEEE Proceedings},
archivePrefix = "arXiv",
   eprint = {0902.0817},
 keywords = {Astrophysics, Instrumentation and Methods for Astrophysics},
     year = 2009,
    month = aug,
   volume = 97,
    pages = {1472-1481},
      doi = {10.1109/JPROC.2009.2014853},
   adsurl = {http://adsabs.harvard.edu/abs/2009IEEEP..97.1472R},
  adsnote = {Provided by the SAO/NASA Astrophysics Data System}
}

@ARTICLE{Cornwell:selfcal,
   author = {{Cornwell}, T.~J. and {Wilkinson}, P.~N.},
    title = "{A new method for making maps with unstable radio interferometers}",
  journal = {\mnras},
 keywords = {ASTRONOMICAL MAPS, MAPPING, RADIO ASTRONOMY, RADIO INTERFEROMETERS, COMPUTER PROGRAMS, ERROR ANALYSIS, QUASARS, RADIO TELESCOPES, SIGNAL TO NOISE RATIOS, VERY LONG BASE INTERFEROMETRY},
     year = 1981,
    month = sep,
   volume = 196,
    pages = {1067-1086},
   adsurl = {http://adsabs.harvard.edu/abs/1981MNRAS.196.1067C},
  adsnote = {Provided by the SAO/NASA Astrophysics Data System}
}


@ARTICLE{Intema:SPAM,
   author = {{Intema}, H.~T. and {van der Tol}, S. and {Cotton}, W.~D. and 
  {Cohen}, A.~S. and {van Bemmel}, I.~M. and {R{\"o}ttgering}, H.~J.~A.
  },
    title = "{Ionospheric calibration of low frequency radio interferometric observations using the peeling scheme. I. Method description and first results}",
  journal = {\aap},
archivePrefix = "arXiv",
   eprint = {0904.3975},
 keywords = {atmospheric effects, methods: numerical, techniques: interferometric},
     year = 2009,
    month = jul,
   volume = 501,
    pages = {1185-1205},
      doi = {10.1051/0004-6361/200811094},
   adsurl = {http://adsabs.harvard.edu/abs/2009A%26A...501.1185I},
  adsnote = {Provided by the SAO/NASA Astrophysics Data System}
}

%%  address =      pub-ORA:adr,
%%  pages =        "xi + 268",

